@ONLINE{CR00,
author = {Christian},
title = {Lookahead Limiter},
month = {},
year = {},
url = {http://www.musicdsp.org/showone.php?id=274},
urldate = {2015-07-09}
}

@ONLINE{VS15,
author = {Volke, Stephanus and Schreiber, Nils},
title = {Lookahead Limiter auf dem Blackfin DSP},
month = {jan},
year = {2015},
url = {https://tgm-git.jade-hs.de/stephanusvolke/projekt-i-dsp-limiter},
urldate = {2015-07-09}
}

